<collection xmlns="http://www.loc.gov/MARC21/slim">
<record>
  <leader>00861nam0a22001811i 450 </leader>
  <controlfield tag="001">IT\ICCU\CNCE\059250</controlfield>
  <controlfield tag="005">20040927000000.0</controlfield>
  <datafield tag="100" ind1=" " ind2=" ">
    <subfield code="a">20040927d1579        0itac0103    ba</subfield>
  </datafield>
  <datafield tag="101" ind1=" " ind2=" ">
    <subfield code="a">ITA</subfield>
  </datafield>
  <datafield tag="102" ind1=" " ind2=" ">
    <subfield code="a">IT</subfield>
  </datafield>
  <datafield tag="200" ind1="1" ind2=" ">
    <subfield code="a">Compendio dell&apos;ordine et regola del Santiss. Rosario della Vergine, con le indulgentie, et aggionta delle bolle di Pio Vet di Gregorio XIII con alcune contemplationi, et orationi, et l&apos;vffitio alla festa appropriato. ... Frate Nicol ̣Strata dell&apos;Ordine de&apos; predicatori: feruore di spirito, et aumento di gratia</subfield>
  </datafield>
  <datafield tag="210" ind1=" " ind2=" ">
    <subfield code="a">In Torino</subfield>
    <subfield code="c">appresso gl&apos;heredi del Beuilacqua</subfield>
    <subfield code="d">1579</subfield>
  </datafield>
  <datafield tag="215" ind1=" " ind2=" ">
    <subfield code="a">\95! c.</subfield>
    <subfield code="d">12ʻ</subfield>
  </datafield>
  <datafield tag="620" ind1=" " ind2=" ">
    <subfield code="a">IT</subfield>
    <subfield code="d">Torino</subfield>
  </datafield>
  <datafield tag="700" ind1=" " ind2="1">
    <subfield code="a">Stratta,</subfield>
    <subfield code="b"></subfield>
    <subfield code="3">IT\ICCU\CNCA\006993</subfield>
  </datafield>
  <datafield tag="712" ind1="0" ind2="0">
    <subfield code="a">Bevilacqua, Niccol ̣- eredi</subfield>
    <subfield code="3">IT\ICCU\CNCT\000513</subfield>
    <subfield code="4">650</subfield>
  </datafield>
  <datafield tag="790" ind1=" " ind2="1">
    <subfield code="a">Stratta,</subfield>
    <subfield code="b">Nicola</subfield>
    <subfield code="3">IT\ICCU\CNCA\024708</subfield>
    <subfield code="z"></subfield>
  </datafield>
  <datafield tag="801" ind1=" " ind2="3">
    <subfield code="a">IT</subfield>
    <subfield code="b">ICCU</subfield>
    <subfield code="c">20201115</subfield>
  </datafield>
</record>
</collection>
